<record><leader>00000cas a2200000 a 4500</leader><controlfield tag="001">13732947</controlfield><controlfield tag="008">860616d18911909okuwr ne      0    0eng d</controlfield><datafield ind1=" " ind2=" " tag="010"><subfield code="a">sn 86063916 </subfield></datafield><datafield ind1=" " ind2=" " tag="040"><subfield code="a">KSH</subfield><subfield code="b">eng</subfield><subfield code="c">KSH</subfield><subfield code="d">NPT</subfield><subfield code="d">OBN</subfield><subfield code="d">OCL</subfield><subfield code="d">OCLCQ</subfield><subfield code="d">OCLCO</subfield></datafield><datafield ind1="1" ind2=" " tag="029"><subfield code="a">AU@</subfield><subfield code="b">000022169132</subfield></datafield><datafield ind1=" " ind2=" " tag="042"><subfield code="a">msc</subfield></datafield><datafield ind1=" " ind2=" " tag="043"><subfield code="a">n-us-ok</subfield></datafield><datafield ind1="0" ind2="4" tag="245"><subfield code="a">The Chandler news.</subfield></datafield><datafield ind1=" " ind2=" " tag="260"><subfield code="a">Chandler, O.T. [Okla.] :</subfield><subfield code="b">C.E. Hunter</subfield></datafield><datafield ind1=" " ind2=" " tag="300"><subfield code="a">v.</subfield></datafield><datafield ind1=" " ind2=" " tag="310"><subfield code="a">Weekly</subfield></datafield><datafield ind1="0" ind2=" " tag="362"><subfield code="a">-v. 18, no. 33 (May 13, 1909).</subfield></datafield><datafield ind1="1" ind2=" " tag="362"><subfield code="a">Began in 1891.</subfield></datafield><datafield ind1=" " ind2=" " tag="588"><subfield code="a">Description based on: Vol. 1, no. 4 (Oct. 17, 1891).</subfield></datafield><datafield ind1=" " ind2="0" tag="651"><subfield code="a">Chandler (Okla.)</subfield><subfield code="v">Newspapers.</subfield></datafield><datafield ind1=" " ind2="0" tag="651"><subfield code="a">Lincoln County (Okla.)</subfield><subfield code="v">Newspapers.</subfield></datafield><datafield ind1=" " ind2="0" tag="651"><subfield code="a">Oklahoma Territory (Okla.)</subfield><subfield code="v">Newspapers.</subfield></datafield><datafield ind1=" " ind2=" " tag="752"><subfield code="a">United States</subfield><subfield code="b">Oklahoma</subfield><subfield code="c">Lincoln</subfield><subfield code="d">Chandler.</subfield></datafield><datafield ind1="0" ind2="5" tag="780"><subfield code="t">Lincoln County democrat and telegram</subfield><subfield code="w">(DLC)sn 95076145</subfield><subfield code="w">(OCoLC)33193282</subfield></datafield><datafield ind1="0" ind2="7" tag="785"><subfield code="t">Chandler publicist (Chandler, Okla. : 1901)</subfield><subfield code="w">(DLC)sn 95076143</subfield><subfield code="w">(OCoLC)33193272</subfield></datafield><datafield ind1="0" ind2="7" tag="785"><subfield code="t">Chandler news-publicist (Chandler, Okla. : 1909)</subfield><subfield code="w">(DLC)sn 95076146</subfield><subfield code="w">(OCoLC)33193338</subfield></datafield></record>